<record><leader>00000cas a22000007a 4500</leader><controlfield tag="001">18670847</controlfield><controlfield tag="008">881026c19889999vaumr ne      0   a0eng d</controlfield><datafield ind1=" " ind2=" " tag="010"><subfield code="a">sn 88008013 </subfield></datafield><datafield ind1=" " ind2=" " tag="040"><subfield code="a">NSD</subfield><subfield code="b">eng</subfield><subfield code="c">NSD</subfield><subfield code="d">OCLCQ</subfield></datafield><datafield ind1=" " ind2=" " tag="012"><subfield code="k">1</subfield><subfield code="l">1</subfield></datafield><datafield ind1="0" ind2=" " tag="022"><subfield code="a">1041-1704</subfield><subfield code="l">1041-1704</subfield><subfield code="2">1</subfield></datafield><datafield ind1=" " ind2=" " tag="037"><subfield code="b">International Observer, P.O. Box 714, Springfield, VA 22150</subfield></datafield><datafield ind1=" " ind2=" " tag="042"><subfield code="a">nsdp</subfield><subfield code="a">msc</subfield></datafield><datafield ind1="1" ind2="0" tag="082"><subfield code="a">071</subfield><subfield code="2">11</subfield></datafield><datafield ind1="0" ind2=" " tag="130"><subfield code="a">International observer (Springfield, Va.)</subfield></datafield><datafield ind1="0" ind2=" " tag="210"><subfield code="a">Int. obs.</subfield><subfield code="b">(Springf. Va.)</subfield></datafield><datafield ind1=" " ind2="0" tag="222"><subfield code="a">International observer</subfield><subfield code="b">(Springfield, Va.)</subfield></datafield><datafield ind1="1" ind2="0" tag="245"><subfield code="a">International observer.</subfield></datafield><datafield ind1=" " ind2=" " tag="260"><subfield code="a">Springfield, VA :</subfield><subfield code="b">[s.n.]</subfield></datafield><datafield ind1=" " ind2=" " tag="300"><subfield code="a">v.</subfield></datafield><datafield ind1=" " ind2=" " tag="310"><subfield code="a">Monthly</subfield></datafield><datafield ind1="1" ind2=" " tag="362"><subfield code="a">Began in 1988.</subfield></datafield><datafield ind1=" " ind2=" " tag="588"><subfield code="a">Description based on: Vol. 1, no. 8 (Feb. 1989).</subfield></datafield><datafield ind1=" " ind2=" " tag="752"><subfield code="a">United States</subfield><subfield code="b">Virginia</subfield><subfield code="c">Fairfax</subfield><subfield code="d">Springfield.</subfield></datafield><datafield ind1="1" ind2=" " tag="029"><subfield code="a">AU@</subfield><subfield code="b">000025836963</subfield></datafield></record>